<?xml version="1.0" encoding="UTF-8"?><collection xmlns="http://www.loc.gov/MARC21/slim"><record><leader>00398nam--2200133-i-4500</leader><controlfield tag="001">000033820</controlfield><controlfield tag="002">20161230</controlfield><controlfield tag="005">20161230201039</controlfield><controlfield tag="008">060222s1000------------r-----000-0-eng-d</controlfield><datafield ind1=" " ind2=" " tag="080"><subfield code="a">621.382.3(043)</subfield></datafield><datafield ind1=" " ind2=" " tag="100"><subfield code="a">Morel, Pierre</subfield></datafield><datafield ind1=" " ind2=" " tag="245"><subfield code="a">Approche physique d`un modele de simulation du mesfet a canal ultra-court integre sur silicium. these</subfield></datafield><datafield ind1=" " ind2=" " tag="260"><subfield code="a">Orsay, Univ.Deparis, 1977, 116p</subfield></datafield><datafield ind1=" " ind2=" " tag="852"><subfield code="a">44873</subfield></datafield></record></collection>